\begin{thebibliography}{99}

\bibitem{gehrke2018}L. Gehrke, J.R. Iversen, S. Makeig, K. Gramann "The Invisible Maze Task (IMT): Interactive Exploration of Sparse Virtual Environments to Investigate Action-Driven Formation of Spatial Representations", Springer International Publishing, pp.293--310, 2018.

\end{thebibliography}